<?xml version="1.0" encoding="UTF-8"?>
  <record xmlns="http://www.loc.gov/MARC21/slim" type="Authority">
    <leader>00000nz  a2200000nc 4500</leader>
    <controlfield tag="001">118535730</controlfield>
    <controlfield tag="003">DE-101</controlfield>
    <controlfield tag="005">20220311164001.0</controlfield>
    <controlfield tag="008">880701n||azznnaabn           | aaa    |c</controlfield>
    <datafield tag="024" ind1="7" ind2=" ">
      <subfield code="a">118535730</subfield>
      <subfield code="0">http://d-nb.info/gnd/118535730</subfield>
      <subfield code="2">gnd</subfield>
    </datafield>
    <datafield tag="035" ind1=" " ind2=" ">
      <subfield code="a">(DE-101)118535730</subfield>
    </datafield>
    <datafield tag="035" ind1=" " ind2=" ">
      <subfield code="a">(DE-588)118535730</subfield>
    </datafield>
    <datafield tag="035" ind1=" " ind2=" ">
      <subfield code="z">(DE-588)1243930802</subfield>
    </datafield>
    <datafield tag="035" ind1=" " ind2=" ">
      <subfield code="z">(DE-588a)118535730</subfield>
      <subfield code="9">v:zg</subfield>
    </datafield>
    <datafield tag="035" ind1=" " ind2=" ">
      <subfield code="z">(DE-588c)4018555-2</subfield>
      <subfield code="9">v:zg</subfield>
    </datafield>
    <datafield tag="040" ind1=" " ind2=" ">
      <subfield code="a">DE-101</subfield>
      <subfield code="c">DE-101</subfield>
      <subfield code="9">r:DE-101</subfield>
      <subfield code="b">ger</subfield>
      <subfield code="d">9999</subfield>
      <subfield code="e">rda</subfield>
    </datafield>
    <datafield tag="042" ind1=" " ind2=" ">
      <subfield code="a">gnd1</subfield>
    </datafield>
    <datafield tag="043" ind1=" " ind2=" ">
      <subfield code="c">XA-DE</subfield>
    </datafield>
    <datafield tag="065" ind1=" " ind2=" ">
      <subfield code="a">16.5p</subfield>
      <subfield code="2">sswd</subfield>
    </datafield>
    <datafield tag="075" ind1=" " ind2=" ">
      <subfield code="b">p</subfield>
      <subfield code="2">gndgen</subfield>
    </datafield>
    <datafield tag="075" ind1=" " ind2=" ">
      <subfield code="b">piz</subfield>
      <subfield code="2">gndspec</subfield>
    </datafield>
    <datafield tag="079" ind1=" " ind2=" ">
      <subfield code="a">g</subfield>
      <subfield code="q">s</subfield>
      <subfield code="q">a</subfield>
      <subfield code="q">f</subfield>
      <subfield code="q">z</subfield>
      <subfield code="q">h</subfield>
      <subfield code="u">w</subfield>
      <subfield code="u">k</subfield>
      <subfield code="u">v</subfield>
      <subfield code="u">o</subfield>
    </datafield>
    <datafield tag="100" ind1="0" ind2=" ">
      <subfield code="a">Friedrich</subfield>
      <subfield code="b">I.</subfield>
      <subfield code="c">Preußen, König</subfield>
      <subfield code="d">1657-1713</subfield>
    </datafield>
    <datafield tag="375" ind1=" " ind2=" ">
      <subfield code="a">1</subfield>
      <subfield code="2">iso5218</subfield>
    </datafield>
    <datafield tag="400" ind1="0" ind2=" ">
      <subfield code="a">Friedrich</subfield>
      <subfield code="b">III.</subfield>
      <subfield code="c">Brandenburg, Kurfürst</subfield>
      <subfield code="d">1657-1713</subfield>
    </datafield>
    <datafield tag="400" ind1="0" ind2=" ">
      <subfield code="a">Friedrich</subfield>
      <subfield code="b">III.</subfield>
      <subfield code="c">Brandenburg, Markgraf</subfield>
      <subfield code="d">1657-1713</subfield>
    </datafield>
    <datafield tag="400" ind1="0" ind2=" ">
      <subfield code="a">Frederic</subfield>
      <subfield code="b">III</subfield>
      <subfield code="c">Brandebourg, Marggrave</subfield>
      <subfield code="d">1657-1713</subfield>
    </datafield>
    <datafield tag="400" ind1="0" ind2=" ">
      <subfield code="a">Frédéric</subfield>
      <subfield code="c">Brandebourg, Prince Electoral</subfield>
      <subfield code="d">1657-1713</subfield>
    </datafield>
    <datafield tag="400" ind1="0" ind2=" ">
      <subfield code="a">Fridericus</subfield>
      <subfield code="b">Tertius</subfield>
      <subfield code="c">Marchio Brandenburgicus</subfield>
      <subfield code="d">1657-1713</subfield>
    </datafield>
    <datafield tag="400" ind1="0" ind2=" ">
      <subfield code="a">Federico</subfield>
      <subfield code="b">III.</subfield>
      <subfield code="c">di Brandemburgo</subfield>
      <subfield code="d">1657-1713</subfield>
    </datafield>
    <datafield tag="400" ind1="0" ind2=" ">
      <subfield code="a">Frederic</subfield>
      <subfield code="c">Prusse, Roi</subfield>
      <subfield code="d">1657-1713</subfield>
    </datafield>
    <datafield tag="400" ind1="0" ind2=" ">
      <subfield code="a">Frederic</subfield>
      <subfield code="b">I.</subfield>
      <subfield code="c">Prusse, Roy</subfield>
      <subfield code="d">1657-1713</subfield>
    </datafield>
    <datafield tag="400" ind1="0" ind2=" ">
      <subfield code="a">Frederic R.</subfield>
      <subfield code="d">1657-1713</subfield>
    </datafield>
    <datafield tag="400" ind1="0" ind2=" ">
      <subfield code="a">Frederick</subfield>
      <subfield code="c">Brandenburgh, Elector</subfield>
      <subfield code="d">1657-1713</subfield>
    </datafield>
    <datafield tag="400" ind1="0" ind2=" ">
      <subfield code="a">Frederick</subfield>
      <subfield code="b">III.</subfield>
      <subfield code="c">Brandenburgh, Elector</subfield>
      <subfield code="d">1657-1713</subfield>
    </datafield>
    <datafield tag="400" ind1="0" ind2=" ">
      <subfield code="a">Fredericus</subfield>
      <subfield code="b">I.</subfield>
      <subfield code="c">Borussia, Rex</subfield>
      <subfield code="d">1657-1713</subfield>
    </datafield>
    <datafield tag="400" ind1="0" ind2=" ">
      <subfield code="a">Fredericus</subfield>
      <subfield code="b">III.</subfield>
      <subfield code="c">Brandenburgum, Elector</subfield>
      <subfield code="d">1657-1713</subfield>
    </datafield>
    <datafield tag="400" ind1="0" ind2=" ">
      <subfield code="a">Fredericus</subfield>
      <subfield code="b">III.</subfield>
      <subfield code="c">Brandenburgum, Marchio</subfield>
      <subfield code="d">1657-1713</subfield>
    </datafield>
    <datafield tag="400" ind1="0" ind2=" ">
      <subfield code="a">Fredericus</subfield>
      <subfield code="b">III.</subfield>
      <subfield code="c">Elector</subfield>
      <subfield code="d">1657-1713</subfield>
    </datafield>
    <datafield tag="400" ind1="0" ind2=" ">
      <subfield code="a">Fredericus</subfield>
      <subfield code="c">Magnus</subfield>
      <subfield code="d">1657-1713</subfield>
    </datafield>
    <datafield tag="400" ind1="0" ind2=" ">
      <subfield code="a">Fredericus</subfield>
      <subfield code="b">I.</subfield>
      <subfield code="c">Preußen, König</subfield>
      <subfield code="d">1657-1713</subfield>
    </datafield>
    <datafield tag="400" ind1="0" ind2=" ">
      <subfield code="a">Frideric</subfield>
      <subfield code="c">Brandenbourg, Prince Electoral</subfield>
      <subfield code="d">1657-1713</subfield>
    </datafield>
    <datafield tag="400" ind1="0" ind2=" ">
      <subfield code="a">Frideric</subfield>
      <subfield code="b">I.</subfield>
      <subfield code="c">Prusse, Roi</subfield>
      <subfield code="d">1657-1713</subfield>
    </datafield>
    <datafield tag="400" ind1="0" ind2=" ">
      <subfield code="a">Friderich</subfield>
      <subfield code="c">Brandenburg, Churfürst</subfield>
      <subfield code="d">1657-1713</subfield>
    </datafield>
    <datafield tag="400" ind1="0" ind2=" ">
      <subfield code="a">Friderich</subfield>
      <subfield code="b">III.</subfield>
      <subfield code="c">Brandenburg, Kurfürst</subfield>
      <subfield code="d">1657-1713</subfield>
    </datafield>
    <datafield tag="400" ind1="0" ind2=" ">
      <subfield code="a">Friderich</subfield>
      <subfield code="c">Brandenburg, Kurprinz</subfield>
      <subfield code="d">1657-1713</subfield>
    </datafield>
    <datafield tag="400" ind1="0" ind2=" ">
      <subfield code="a">Friderich</subfield>
      <subfield code="b">III.</subfield>
      <subfield code="c">Brandenburg, Churfürst</subfield>
      <subfield code="d">1657-1713</subfield>
    </datafield>
    <datafield tag="400" ind1="0" ind2=" ">
      <subfield code="a">Friderich</subfield>
      <subfield code="b">III.</subfield>
      <subfield code="c">Brandenburg, Marck-Graf</subfield>
      <subfield code="d">1657-1713</subfield>
    </datafield>
    <datafield tag="400" ind1="0" ind2=" ">
      <subfield code="a">Friderich</subfield>
      <subfield code="b">III.</subfield>
      <subfield code="c">Brandenburg, Marggraf</subfield>
      <subfield code="d">1657-1713</subfield>
    </datafield>
    <datafield tag="400" ind1="0" ind2=" ">
      <subfield code="a">Friderich</subfield>
      <subfield code="b">III.</subfield>
      <subfield code="c">Brandenburg, Marggraff</subfield>
      <subfield code="d">1657-1713</subfield>
    </datafield>
    <datafield tag="400" ind1="0" ind2=" ">
      <subfield code="a">Friderich</subfield>
      <subfield code="b">III.</subfield>
      <subfield code="c">Brandenburg, Markgraf</subfield>
      <subfield code="d">1657-1713</subfield>
    </datafield>
    <datafield tag="400" ind1="0" ind2=" ">
      <subfield code="a">Friderich</subfield>
      <subfield code="c">Preußen, König</subfield>
      <subfield code="d">1657-1713</subfield>
    </datafield>
    <datafield tag="400" ind1="0" ind2=" ">
      <subfield code="a">Friderich</subfield>
      <subfield code="b">I.</subfield>
      <subfield code="c">Preußen, König</subfield>
      <subfield code="d">1657-1713</subfield>
    </datafield>
    <datafield tag="400" ind1="0" ind2=" ">
      <subfield code="a">Fridericus</subfield>
      <subfield code="c">Borussia, Rex</subfield>
      <subfield code="d">1657-1713</subfield>
    </datafield>
    <datafield tag="400" ind1="0" ind2=" ">
      <subfield code="a">Fridericus</subfield>
      <subfield code="b">I.</subfield>
      <subfield code="c">Borussia, Rex</subfield>
      <subfield code="d">1657-1713</subfield>
    </datafield>
    <datafield tag="400" ind1="0" ind2=" ">
      <subfield code="a">Fridericus</subfield>
      <subfield code="b">III.</subfield>
      <subfield code="c">Borussia, Rex</subfield>
      <subfield code="d">1657-1713</subfield>
    </datafield>
    <datafield tag="400" ind1="0" ind2=" ">
      <subfield code="a">Fridericus</subfield>
      <subfield code="b">III.</subfield>
      <subfield code="c">Brandenburgia, Elector</subfield>
      <subfield code="d">1657-1713</subfield>
    </datafield>
    <datafield tag="400" ind1="0" ind2=" ">
      <subfield code="a">Fridericus</subfield>
      <subfield code="b">III.</subfield>
      <subfield code="c">Brandenburgum, Elector</subfield>
      <subfield code="d">1657-1713</subfield>
    </datafield>
    <datafield tag="400" ind1="0" ind2=" ">
      <subfield code="a">Fridericus</subfield>
      <subfield code="b">III.</subfield>
      <subfield code="c">Brandenburgum, Marchio</subfield>
      <subfield code="d">1657-1713</subfield>
    </datafield>
    <datafield tag="400" ind1="0" ind2=" ">
      <subfield code="a">Fridericus</subfield>
      <subfield code="b">I.</subfield>
      <subfield code="c">Preußen, König</subfield>
      <subfield code="d">1657-1713</subfield>
    </datafield>
    <datafield tag="400" ind1="0" ind2=" ">
      <subfield code="a">Fridericus</subfield>
      <subfield code="b">I.</subfield>
      <subfield code="c">Preussen, König</subfield>
      <subfield code="d">1657-1713</subfield>
    </datafield>
    <datafield tag="400" ind1="0" ind2=" ">
      <subfield code="a">Fridericus</subfield>
      <subfield code="b">III.</subfield>
      <subfield code="c">Preussen</subfield>
      <subfield code="d">1657-1713</subfield>
    </datafield>
    <datafield tag="400" ind1="0" ind2=" ">
      <subfield code="a">Fridericus</subfield>
      <subfield code="b">III.</subfield>
      <subfield code="c">Prussia, Dux</subfield>
      <subfield code="d">1657-1713</subfield>
    </datafield>
    <datafield tag="400" ind1="0" ind2=" ">
      <subfield code="a">Fridericus</subfield>
      <subfield code="c">Prussia, Rex</subfield>
      <subfield code="d">1657-1713</subfield>
    </datafield>
    <datafield tag="400" ind1="0" ind2=" ">
      <subfield code="a">Fridericus</subfield>
      <subfield code="b">I</subfield>
      <subfield code="c">Regum Borussia, Rex</subfield>
      <subfield code="d">1657-1713</subfield>
    </datafield>
    <datafield tag="400" ind1="0" ind2=" ">
      <subfield code="a">Fridericus Tertius</subfield>
      <subfield code="c">Brandenburg, Markgraf</subfield>
      <subfield code="d">1657-1713</subfield>
    </datafield>
    <datafield tag="400" ind1="0" ind2=" ">
      <subfield code="a">Fridrich</subfield>
      <subfield code="b">I.</subfield>
      <subfield code="c">Preußen, König</subfield>
      <subfield code="d">1657-1713</subfield>
    </datafield>
    <datafield tag="400" ind1="0" ind2=" ">
      <subfield code="a">Friederich</subfield>
      <subfield code="b">III.</subfield>
      <subfield code="c">Brandenburg, Churfürst</subfield>
      <subfield code="d">1657-1713</subfield>
    </datafield>
    <datafield tag="400" ind1="0" ind2=" ">
      <subfield code="a">Friederich</subfield>
      <subfield code="b">III.</subfield>
      <subfield code="c">Brandenburg, Markgraf</subfield>
      <subfield code="d">1657-1713</subfield>
    </datafield>
    <datafield tag="400" ind1="0" ind2=" ">
      <subfield code="a">Friederich</subfield>
      <subfield code="b">III.</subfield>
      <subfield code="c">Brandenburg, Marggraff</subfield>
      <subfield code="d">1657-1713</subfield>
    </datafield>
    <datafield tag="400" ind1="0" ind2=" ">
      <subfield code="a">Friederich</subfield>
      <subfield code="c">Brandenburg, Marggraff</subfield>
      <subfield code="d">1657-1713</subfield>
    </datafield>
    <datafield tag="400" ind1="0" ind2=" ">
      <subfield code="a">Friederich</subfield>
      <subfield code="b">I.</subfield>
      <subfield code="c">Preussen, König</subfield>
      <subfield code="d">1657-1713</subfield>
    </datafield>
    <datafield tag="400" ind1="0" ind2=" ">
      <subfield code="a">Friederich</subfield>
      <subfield code="c">Preußen, König</subfield>
      <subfield code="d">1657-1713</subfield>
    </datafield>
    <datafield tag="400" ind1="0" ind2=" ">
      <subfield code="a">Friedericus</subfield>
      <subfield code="b">III.</subfield>
      <subfield code="c">Brandenburgia, Elector</subfield>
      <subfield code="d">1657-1713</subfield>
    </datafield>
    <datafield tag="400" ind1="0" ind2=" ">
      <subfield code="a">Friedrich</subfield>
      <subfield code="c">Brandenburg, Markgraf</subfield>
      <subfield code="d">1657-1713</subfield>
    </datafield>
    <datafield tag="400" ind1="0" ind2=" ">
      <subfield code="a">Friedrich</subfield>
      <subfield code="b">III.</subfield>
      <subfield code="c">Elector</subfield>
      <subfield code="d">1657-1713</subfield>
    </datafield>
    <datafield tag="400" ind1="0" ind2=" ">
      <subfield code="a">Friedrich</subfield>
      <subfield code="b">III.</subfield>
      <subfield code="c">Brandenburg, Churfürst</subfield>
      <subfield code="d">1657-1713</subfield>
    </datafield>
    <datafield tag="400" ind1="0" ind2=" ">
      <subfield code="a">Friedrich</subfield>
      <subfield code="c">Brandenburg, Kurprinz</subfield>
      <subfield code="d">1657-1713</subfield>
    </datafield>
    <datafield tag="400" ind1="0" ind2=" ">
      <subfield code="a">Friedrich</subfield>
      <subfield code="c">Brandenburg, Prinz</subfield>
      <subfield code="d">1657-1713</subfield>
    </datafield>
    <datafield tag="400" ind1="0" ind2=" ">
      <subfield code="a">Friedrich III.</subfield>
      <subfield code="c">Brandenburg, Markgraf</subfield>
      <subfield code="d">1657-1713</subfield>
    </datafield>
    <datafield tag="400" ind1="0" ind2=" ">
      <subfield code="a">Friedrich</subfield>
      <subfield code="c">Brandenburgk, Churfürst</subfield>
      <subfield code="d">1657-1713</subfield>
    </datafield>
    <datafield tag="400" ind1="0" ind2=" ">
      <subfield code="a">Friedrich</subfield>
      <subfield code="b">III.</subfield>
      <subfield code="c">Brandenburgk, Churfürst</subfield>
      <subfield code="d">1657-1713</subfield>
    </datafield>
    <datafield tag="400" ind1="0" ind2=" ">
      <subfield code="a">Friedrich III.</subfield>
      <subfield code="b">III.</subfield>
      <subfield code="c">Brandenburg, Preussen, Kurfürst</subfield>
      <subfield code="d">1657-1713</subfield>
    </datafield>
    <datafield tag="400" ind1="0" ind2=" ">
      <subfield code="a">Friedrich</subfield>
      <subfield code="b">III.</subfield>
      <subfield code="c">Brandenburgum, Elector</subfield>
      <subfield code="d">1657-1713</subfield>
    </datafield>
    <datafield tag="400" ind1="0" ind2=" ">
      <subfield code="a">Friedrich</subfield>
      <subfield code="c">Magnus</subfield>
      <subfield code="d">1657-1713</subfield>
    </datafield>
    <datafield tag="400" ind1="0" ind2=" ">
      <subfield code="a">Friedrich</subfield>
      <subfield code="c">Preußen, König</subfield>
      <subfield code="d">1657-1713</subfield>
    </datafield>
    <datafield tag="400" ind1="0" ind2=" ">
      <subfield code="a">Friedrich</subfield>
      <subfield code="b">III.</subfield>
      <subfield code="c">Preussen, Kurfürst</subfield>
      <subfield code="d">1657-1713</subfield>
    </datafield>
    <datafield tag="400" ind1="0" ind2=" ">
      <subfield code="a">Friedrich</subfield>
      <subfield code="b">III.</subfield>
      <subfield code="c">Preußen, Kurfürst</subfield>
      <subfield code="d">1657-1713</subfield>
    </datafield>
    <datafield tag="400" ind1="0" ind2=" ">
      <subfield code="a">...</subfield>
      <subfield code="c">Brandenbourg, Prince Electoral</subfield>
      <subfield code="d">1657-1713</subfield>
    </datafield>
    <datafield tag="400" ind1="0" ind2=" ">
      <subfield code="a">Friedrich</subfield>
      <subfield code="b">I.</subfield>
      <subfield code="d">1657-1713</subfield>
    </datafield>
    <datafield tag="400" ind1="0" ind2=" ">
      <subfield code="a">Friedrich</subfield>
      <subfield code="b">III.</subfield>
      <subfield code="d">1657-1713</subfield>
    </datafield>
    <datafield tag="400" ind1="0" ind2=" ">
      <subfield code="a">Friedrich</subfield>
      <subfield code="c">von Hohenzollern</subfield>
      <subfield code="d">1657-1713</subfield>
    </datafield>
    <datafield tag="400" ind1="0" ind2=" ">
      <subfield code="a">Friedrich</subfield>
      <subfield code="b">III</subfield>
      <subfield code="c">Kurfürst und Markgraf von Brandenburg</subfield>
      <subfield code="d">1657-1713</subfield>
    </datafield>
    <datafield tag="400" ind1="0" ind2=" ">
      <subfield code="a">Frederick</subfield>
      <subfield code="b">I</subfield>
      <subfield code="c">King of Prussia</subfield>
      <subfield code="d">1657-1713</subfield>
    </datafield>
    <datafield tag="400" ind1="0" ind2=" ">
      <subfield code="a">Friedrich</subfield>
      <subfield code="b">III</subfield>
      <subfield code="c">Kurfürst von Brandenburg</subfield>
      <subfield code="d">1657-1713</subfield>
    </datafield>
    <datafield tag="400" ind1="0" ind2=" ">
      <subfield code="a">Friedrich Wilhelm</subfield>
      <subfield code="b">I</subfield>
      <subfield code="c">König von Preussen</subfield>
      <subfield code="d">1657-1713</subfield>
    </datafield>
    <datafield tag="400" ind1="0" ind2=" ">
      <subfield code="a">Friedrich</subfield>
      <subfield code="b">I</subfield>
      <subfield code="c">König von Preussen</subfield>
      <subfield code="d">1657-1713</subfield>
    </datafield>
    <datafield tag="400" ind1="0" ind2=" ">
      <subfield code="a">Friedrich</subfield>
      <subfield code="b">I.</subfield>
      <subfield code="c">Preussen, König</subfield>
      <subfield code="d">1657-1713</subfield>
    </datafield>
    <datafield tag="400" ind1="0" ind2=" ">
      <subfield code="a">Friedrich</subfield>
      <subfield code="b">I.</subfield>
      <subfield code="c">König von Preussen</subfield>
      <subfield code="d">1657-1713</subfield>
    </datafield>
    <datafield tag="400" ind1="0" ind2=" ">
      <subfield code="a">Frederick</subfield>
      <subfield code="b">I.</subfield>
      <subfield code="c">King of Prussia</subfield>
      <subfield code="d">1657-1713</subfield>
    </datafield>
    <datafield tag="400" ind1="0" ind2=" ">
      <subfield code="a">Friedrich</subfield>
      <subfield code="b">III.</subfield>
      <subfield code="c">Kurfürst von Brandenburg</subfield>
      <subfield code="d">1657-1713</subfield>
    </datafield>
    <datafield tag="400" ind1="0" ind2=" ">
      <subfield code="a">Friedrich</subfield>
      <subfield code="b">III.</subfield>
      <subfield code="c">Brandenburg, Markgraf</subfield>
      <subfield code="d">1657-1713</subfield>
    </datafield>
    <datafield tag="400" ind1="0" ind2=" ">
      <subfield code="a">Friedrich</subfield>
      <subfield code="b">III.</subfield>
      <subfield code="c">Brandenburg, Kurfürst</subfield>
      <subfield code="d">1657-1713</subfield>
    </datafield>
    <datafield tag="400" ind1="0" ind2=" ">
      <subfield code="a">Fridericus</subfield>
      <subfield code="b">III.</subfield>
      <subfield code="c">Brandenburgum, Marchio</subfield>
      <subfield code="d">1657-1713</subfield>
    </datafield>
    <datafield tag="400" ind1="0" ind2=" ">
      <subfield code="a">Friderich</subfield>
      <subfield code="b">III.</subfield>
      <subfield code="c">Brandenburg, Markgraf</subfield>
      <subfield code="d">1657-1713</subfield>
    </datafield>
    <datafield tag="500" ind1="0" ind2=" ">
      <subfield code="0">(DE-101)11853596X</subfield>
      <subfield code="0">(DE-588)11853596X</subfield>
      <subfield code="0">https://d-nb.info/gnd/11853596X</subfield>
      <subfield code="a">Friedrich Wilhelm</subfield>
      <subfield code="c">Brandenburg, Kurfürst</subfield>
      <subfield code="d">1620-1688</subfield>
      <subfield code="4">bezf</subfield>
      <subfield code="4">https://d-nb.info/standards/elementset/gnd#familialRelationship</subfield>
      <subfield code="w">r</subfield>
      <subfield code="i">Beziehung familiaer</subfield>
      <subfield code="e">Beziehung familiaer</subfield>
      <subfield code="9">v:Vater</subfield>
    </datafield>
    <datafield tag="500" ind1="0" ind2=" ">
      <subfield code="0">(DE-101)120578328</subfield>
      <subfield code="0">(DE-588)120578328</subfield>
      <subfield code="0">https://d-nb.info/gnd/120578328</subfield>
      <subfield code="a">Elisabeth Henriette</subfield>
      <subfield code="c">Brandenburg, Kurprinzessin</subfield>
      <subfield code="d">1661-1683</subfield>
      <subfield code="4">bezf</subfield>
      <subfield code="4">https://d-nb.info/standards/elementset/gnd#familialRelationship</subfield>
      <subfield code="w">r</subfield>
      <subfield code="i">Beziehung familiaer</subfield>
      <subfield code="e">Beziehung familiaer</subfield>
      <subfield code="9">v:1. Ehefrau</subfield>
    </datafield>
    <datafield tag="500" ind1="0" ind2=" ">
      <subfield code="0">(DE-101)118751530</subfield>
      <subfield code="0">(DE-588)118751530</subfield>
      <subfield code="0">https://d-nb.info/gnd/118751530</subfield>
      <subfield code="a">Sophie Charlotte</subfield>
      <subfield code="c">Preußen, Königin</subfield>
      <subfield code="d">1668-1705</subfield>
      <subfield code="4">bezf</subfield>
      <subfield code="4">https://d-nb.info/standards/elementset/gnd#familialRelationship</subfield>
      <subfield code="w">r</subfield>
      <subfield code="i">Beziehung familiaer</subfield>
      <subfield code="e">Beziehung familiaer</subfield>
      <subfield code="9">v:2. Ehefrau</subfield>
    </datafield>
    <datafield tag="500" ind1="0" ind2=" ">
      <subfield code="0">(DE-101)141996285</subfield>
      <subfield code="0">(DE-588)141996285</subfield>
      <subfield code="0">https://d-nb.info/gnd/141996285</subfield>
      <subfield code="a">Sophie Luise</subfield>
      <subfield code="c">Preußen, Königin</subfield>
      <subfield code="d">1685-1735</subfield>
      <subfield code="4">bezf</subfield>
      <subfield code="4">https://d-nb.info/standards/elementset/gnd#familialRelationship</subfield>
      <subfield code="w">r</subfield>
      <subfield code="i">Beziehung familiaer</subfield>
      <subfield code="e">Beziehung familiaer</subfield>
      <subfield code="9">v:3. Ehefrau</subfield>
    </datafield>
    <datafield tag="500" ind1="0" ind2=" ">
      <subfield code="0">(DE-101)118535978</subfield>
      <subfield code="0">(DE-588)118535978</subfield>
      <subfield code="0">https://d-nb.info/gnd/118535978</subfield>
      <subfield code="a">Friedrich Wilhelm</subfield>
      <subfield code="b">I.</subfield>
      <subfield code="c">Preußen, König</subfield>
      <subfield code="d">1688-1740</subfield>
      <subfield code="4">bezf</subfield>
      <subfield code="4">https://d-nb.info/standards/elementset/gnd#familialRelationship</subfield>
      <subfield code="w">r</subfield>
      <subfield code="i">Beziehung familiaer</subfield>
      <subfield code="e">Beziehung familiaer</subfield>
      <subfield code="9">v:Sohn</subfield>
    </datafield>
    <datafield tag="500" ind1="0" ind2=" ">
      <subfield code="0">(DE-101)12007656X</subfield>
      <subfield code="0">(DE-588)12007656X</subfield>
      <subfield code="0">https://d-nb.info/gnd/12007656X</subfield>
      <subfield code="a">Friedrich August</subfield>
      <subfield code="c">Preußen, Prinz</subfield>
      <subfield code="d">1685-1686</subfield>
      <subfield code="4">bezf</subfield>
      <subfield code="4">https://d-nb.info/standards/elementset/gnd#familialRelationship</subfield>
      <subfield code="w">r</subfield>
      <subfield code="i">Beziehung familiaer</subfield>
      <subfield code="e">Beziehung familiaer</subfield>
      <subfield code="9">v:Sohn</subfield>
    </datafield>
    <datafield tag="500" ind1="0" ind2=" ">
      <subfield code="0">(DE-101)123149924</subfield>
      <subfield code="0">(DE-588)123149924</subfield>
      <subfield code="0">https://d-nb.info/gnd/123149924</subfield>
      <subfield code="a">Luise</subfield>
      <subfield code="c">Hessen-Kassel, Landgräfin</subfield>
      <subfield code="d">1680-1705</subfield>
      <subfield code="4">bezf</subfield>
      <subfield code="4">https://d-nb.info/standards/elementset/gnd#familialRelationship</subfield>
      <subfield code="w">r</subfield>
      <subfield code="i">Beziehung familiaer</subfield>
      <subfield code="e">Beziehung familiaer</subfield>
      <subfield code="9">v:Tochter</subfield>
    </datafield>
    <datafield tag="500" ind1="0" ind2=" ">
      <subfield code="0">(DE-101)118535749</subfield>
      <subfield code="0">(DE-588)118535749</subfield>
      <subfield code="0">https://d-nb.info/gnd/118535749</subfield>
      <subfield code="a">Friedrich</subfield>
      <subfield code="b">II.</subfield>
      <subfield code="c">Preußen, König</subfield>
      <subfield code="d">1712-1786</subfield>
      <subfield code="4">bezf</subfield>
      <subfield code="4">https://d-nb.info/standards/elementset/gnd#familialRelationship</subfield>
      <subfield code="w">r</subfield>
      <subfield code="i">Beziehung familiaer</subfield>
      <subfield code="e">Beziehung familiaer</subfield>
      <subfield code="9">v:Enkel</subfield>
    </datafield>
    <datafield tag="548" ind1=" " ind2=" ">
      <subfield code="a">1657-1713</subfield>
      <subfield code="4">datl</subfield>
      <subfield code="4">https://d-nb.info/standards/elementset/gnd#dateOfBirthAndDeath</subfield>
      <subfield code="w">r</subfield>
      <subfield code="i">Lebensdaten</subfield>
    </datafield>
    <datafield tag="548" ind1=" " ind2=" ">
      <subfield code="a">11.07.1657-25.02.1713</subfield>
      <subfield code="4">datx</subfield>
      <subfield code="4">https://d-nb.info/standards/elementset/gnd#dateOfBirthAndDeath</subfield>
      <subfield code="w">r</subfield>
      <subfield code="i">Exakte Lebensdaten</subfield>
    </datafield>
    <datafield tag="550" ind1=" " ind2=" ">
      <subfield code="0">(DE-101)040315169</subfield>
      <subfield code="0">(DE-588)4031516-2</subfield>
      <subfield code="0">https://d-nb.info/gnd/4031516-2</subfield>
      <subfield code="a">König</subfield>
      <subfield code="4">adel</subfield>
      <subfield code="4">https://d-nb.info/standards/elementset/gnd#titleOfNobility</subfield>
      <subfield code="w">r</subfield>
      <subfield code="i">Adelstitel</subfield>
    </datafield>
    <datafield tag="550" ind1=" " ind2=" ">
      <subfield code="0">(DE-101)041662032</subfield>
      <subfield code="0">(DE-588)4166203-9</subfield>
      <subfield code="0">https://d-nb.info/gnd/4166203-9</subfield>
      <subfield code="a">Kurfürst</subfield>
      <subfield code="4">adel</subfield>
      <subfield code="4">https://d-nb.info/standards/elementset/gnd#titleOfNobility</subfield>
      <subfield code="w">r</subfield>
      <subfield code="i">Adelstitel</subfield>
    </datafield>
    <datafield tag="550" ind1=" " ind2=" ">
      <subfield code="0">(DE-101)041689127</subfield>
      <subfield code="0">(DE-588)4168912-4</subfield>
      <subfield code="0">https://d-nb.info/gnd/4168912-4</subfield>
      <subfield code="a">Markgraf</subfield>
      <subfield code="4">adel</subfield>
      <subfield code="4">https://d-nb.info/standards/elementset/gnd#titleOfNobility</subfield>
      <subfield code="w">r</subfield>
      <subfield code="i">Adelstitel</subfield>
    </datafield>
    <datafield tag="550" ind1=" " ind2=" ">
      <subfield code="0">(DE-101)040004643</subfield>
      <subfield code="0">(DE-588)4000464-8</subfield>
      <subfield code="0">https://d-nb.info/gnd/4000464-8</subfield>
      <subfield code="a">Adel</subfield>
      <subfield code="4">obin</subfield>
      <subfield code="4">https://d-nb.info/standards/elementset/gnd#broaderTermInstantial</subfield>
      <subfield code="w">r</subfield>
      <subfield code="i">Oberbegriff instantiell</subfield>
    </datafield>
    <datafield tag="551" ind1=" " ind2=" ">
      <subfield code="0">(DE-101)04031541X</subfield>
      <subfield code="0">(DE-588)4031541-1</subfield>
      <subfield code="0">https://d-nb.info/gnd/4031541-1</subfield>
      <subfield code="a">Königsberg</subfield>
      <subfield code="4">ortg</subfield>
      <subfield code="4">https://d-nb.info/standards/elementset/gnd#placeOfBirth</subfield>
      <subfield code="w">r</subfield>
      <subfield code="i">Geburtsort</subfield>
    </datafield>
    <datafield tag="551" ind1=" " ind2=" ">
      <subfield code="0">(DE-101)040057283</subfield>
      <subfield code="0">(DE-588)4005728-8</subfield>
      <subfield code="0">https://d-nb.info/gnd/4005728-8</subfield>
      <subfield code="a">Berlin</subfield>
      <subfield code="4">orts</subfield>
      <subfield code="4">https://d-nb.info/standards/elementset/gnd#placeOfDeath</subfield>
      <subfield code="w">r</subfield>
      <subfield code="i">Sterbeort</subfield>
    </datafield>
    <datafield tag="667" ind1=" " ind2=" ">
      <subfield code="a">VD-17</subfield>
    </datafield>
    <datafield tag="667" ind1=" " ind2=" ">
      <subfield code="a">3</subfield>
    </datafield>
    <datafield tag="667" ind1=" " ind2=" ">
      <subfield code="a">VD-18</subfield>
    </datafield>
    <datafield tag="670" ind1=" " ind2=" ">
      <subfield code="a">LCAuth, abgeändert nach KIDS</subfield>
    </datafield>
    <datafield tag="670" ind1=" " ind2=" ">
      <subfield code="a">NDB/ADB</subfield>
      <subfield code="u">https://www.deutsche-biographie.de/gnd118535730.html#ndbcontent</subfield>
    </datafield>
    <datafield tag="670" ind1=" " ind2=" ">
      <subfield code="a">Wikipedia</subfield>
      <subfield code="u">https://de.wikipedia.org/wiki/Friedrich_I._(Preu%C3%9Fen)</subfield>
    </datafield>
    <datafield tag="672" ind1=" " ind2="0">
      <subfield code="a">Friedrich &lt;Preußen, König, I.&gt;: Briefwechsel</subfield>
      <subfield code="f">1901</subfield>
    </datafield>
    <datafield tag="672" ind1=" " ind2="0">
      <subfield code="a">Friedrich &lt;Preußen, König, I.&gt;: Über die Nothwendigkeit der Wiedererwerbung Strassburgs</subfield>
      <subfield code="f">1877</subfield>
    </datafield>
    <datafield tag="672" ind1=" " ind2="0">
      <subfield code="a">Declaration of Frederick III, elector of Brandenburg ..</subfield>
      <subfield code="f">1689</subfield>
    </datafield>
    <datafield tag="672" ind1=" " ind2="0">
      <subfield code="a">Formular Der Notification ..</subfield>
      <subfield code="f">1688</subfield>
    </datafield>
    <datafield tag="672" ind1=" " ind2="0">
      <subfield code="a">Beschreibung Der Erbhuldigungs-Solennität ..</subfield>
      <subfield code="f">1688</subfield>
    </datafield>
    <datafield tag="672" ind1=" " ind2="0">
      <subfield code="a">Ihro Königliche Majestät in Polen Ausschreibungs-Patent an den polnischen Adel ..</subfield>
      <subfield code="f">1699</subfield>
    </datafield>
    <datafield tag="678" ind1=" " ind2=" ">
      <subfield code="b">Ab 1688 als Friedrich III. Kurfürst von Brandenburg; ab 1701 König in Preußen</subfield>
    </datafield>
    <datafield tag="913" ind1=" " ind2=" ">
      <subfield code="S">pnd</subfield>
      <subfield code="i">5</subfield>
      <subfield code="a">Friedrich &lt;Preußen, König, I.&gt;</subfield>
      <subfield code="0">(DE-588a)118535730</subfield>
    </datafield>
  </record>
